<?xml version="1.0" encoding="UTF-8"?><collection xmlns="http://www.loc.gov/MARC21/slim"><record><leader>00592nam--2200181-i-4500</leader><controlfield tag="001">000034144</controlfield><controlfield tag="002">20161230</controlfield><controlfield tag="005">20161230201039</controlfield><controlfield tag="008">060222s1000------------r-----000-0-eng-d</controlfield><datafield ind1=" " ind2=" " tag="040"><subfield code="a">IFIN-HH</subfield></datafield><datafield ind1=" " ind2=" " tag="080"><subfield code="a">539.123(061.3)</subfield></datafield><datafield ind1="1" ind2=" " tag="100"><subfield code="a">Morales, A</subfield></datafield><datafield ind1="1" ind2="0" tag="245"><subfield code="a">Neutrino 92</subfield><subfield code="b">Proceedings of the 15th international conference on neutrino physics and astrophysics granada, spain, 7-12 june 1992</subfield><subfield code="c">A. morales (ed.)</subfield></datafield><datafield ind1=" " ind2=" " tag="260"><subfield code="a">Amsterdam</subfield><subfield code="b">North-holland</subfield><subfield code="c">1993</subfield></datafield><datafield ind1=" " ind2=" " tag="300"><subfield code="a">XVI+499P</subfield></datafield><datafield ind1=" " ind2=" " tag="490"><subfield code="a">Proceedings Supplement Nuclear Physics B</subfield></datafield><datafield ind1=" " ind2=" " tag="852"><subfield code="a">80262</subfield><subfield code="c">539.12</subfield></datafield><datafield ind1=" " ind2=" " tag="CAT"><subfield code="a">Sys</subfield><subfield code="c">20120202</subfield><subfield code="h">121722</subfield></datafield></record></collection>